@book{alma990023810940204034,
author = {江藤, 幹雄},
address = {東京},
isbn = {9784621086735},
keywords = {量子力学},
language = {jpn},
publisher = {丸善出版},
series = {パリティ物理教科書シリーズ},
title = {量子力学. I},
year = {2013},
}

