@article{hatayamaPresentStatusNumerical2018,
  title = {Present Status of Numerical Modeling of Hydrogen Negative Ion Source Plasmas and Its Comparison with Experiments: {{Japanese}} Activities and Their Collaboration with Experimental Groups},
  shorttitle = {Present Status of Numerical Modeling of Hydrogen Negative Ion Source Plasmas and Its Comparison with Experiments},
  author = {Hatayama, A and Nishioka, S and Nishida, K and Mattei, S and Lettry, J and Miyamoto, K and Shibata, T and Onai, M and Abe, S and Fujita, S and Yamada, S and Fukano, A},
  year = {2018},
  month = jun,
  journal = {New Journal of Physics},
  volume = {20},
  number = {6},
  pages = {065001},
  issn = {1367-2630},
  urldate = {2023-04-26},
  langid = {english}
}
